@misc{oha,
  author = {Open Handset Alliance},
  title = {\textit{Open Handset Alliance}},
  howpublished = "\url{http://www.openhandsetalliance.com}",
  note = "\'Ultimo acceso 4 de Noviembre del 2017",
  shorthands={OHA},
}

@misc{aos,
  author = {Android},
  title = {\textit{Android Open Source Project}},
  howpublished = "\url{https://source.android.com/index.html}",
  note = "\'Ultimo acceso 4 de Noviembre del 2017"
}

@misc{aosp,
  author = {Android},
  title = {\textit{Android Open Source Project: Licenses}},
  howpublished = "\url{https://source.android.com/source/licenses.html}",
  note = "\'Ultimo acceso 4 de Noviembre del 2017"
}

@misc{aossec,
  author = {Android},
  title = {\textit{Android Open Source Project: Security}},
  howpublished = "\url{https://source.android.com/security/index.html}",
  note = "\'Ultimo acceso 4 de Noviembre del 2017"
}

@misc{asreview2015,
  author = {Android},
  title = {\textit{Android Security 2015 Year In Review}},
  howpublished = "\url{https://source.android.com/security/reports/Google_Android_Security_2015_Report_Final.pdf}",
  year = {2016},
  note = "\'Ultimo acceso 4 de Noviembre del 2017"
}

@misc{tee2011,
  title={\textit{The Trusted Execution Environment - White Paper}}, 
  author={GlobalPlatform},
  year={2011},
  howpublished = "\url{http://www.globalplatform.org/documents/GlobalPlatform_TEE_White_Paper_Feb2011.pdf}",
  note = "\'Ultimo acceso 4 de Noviembre del 2017"
}

@misc{dakss,
  author = {Developer Android},
  title = {\textit{Developer Android: KeyStore System}},
  howpublished = "\url{https://developer.android.com/training/articles/keystore.html}",
  note = "\'Ultimo acceso 4 de Noviembre del 2017"
}
@misc{daemu,
  author = {Developer Android},
  title = {\textit{Developer Android: Funciones no compatibles}},
  howpublished = "\url{https://developer.android.com/studio/run/emulator.html\#about}"},
  note = "\'Ultimo acceso 4 de Noviembre del 2017"
}

@misc{daperm,
  author = {Developer Android},
  title = {\textit{Developer Android: Normal and Dangerous Permissions of Android}},
  howpublished = "\url{https://developer.android.com/guide/topics/security/permissions.html\#normal-dangerous}",
  note = "\'Ultimo acceso 4 de Noviembre del 2017"
}

@misc{asg,
  author = {Apple},
  title = {\textit{Apple iOS: Security Guide.}},
  howpublished = "\url{https://www.apple.com/business/docs/iOS_Security_Guide.pdf}",
  year = {2017},
  month = {March},
  note = "\'Ultimo acceso 4 de Noviembre del 2017"
}

@misc{sapriv,
  author = {Support Apple},
  title = {\textit{Support Apple: About privacy and Location Services}},
  howpublished = "\url{https://support.apple.com/en-us/HT203033}",
  note = "\'Ultimo acceso 4 de Noviembre del 2017"
}

@misc{iosdl,
  author = {Developer Apple},
  title = {\textit{iOS Developer Library: File System Programming Guide}},
  howpublished = "\url{https://developer.apple.com/library/ios/documentation/FileManagement/Conceptual/FileSystemProgrammingGuide/FileSystemOverview/FileSystemOverview.html}",
  note = "\'Ultimo acceso 4 de Noviembre del 2017"
}

@misc{foda,
  author = {Forum Developer Apple},
  title = {\textit{Forum Developer Apple: How to listen for sms reception in ios 8 ?}},
  howpublished = "\url{https://forums.developer.apple.com/thread/16685}",
  note = "\'Ultimo acceso 4 de Noviembre del 2017"
}

@mastersthesis{Gor16,
  document_type     = {Bachelor's Thesis},
  timestamp         = {20161028},
  author            = {Felipe Gorostiaga},
  title             = {Especificación e implementación de un prototipo certificado del sistema de permisos de Android},
  school            = {Licenciatura en Ciencias de la Computación, Universidad Nacional de Rosario, Argentina},
  year              = {2016},
  type              = {Tesina de grado},
  month             = {Octubre},
  pdf               = {https://dcc.fceia.unr.edu.ar/es/lcc/tesinas-grado/tesinas/especificaci%C3%B3n-e-implementaci%C3%B3n-de-un-prototipo-certificado-del-sistema-de},
}

@mastersthesis{Rom14,
  document_type     = {Bachelor's Thesis},
  timestamp         = {20140601},
  author            = {Agustin Romano},
  title             = {Descripción y análisis formal del modelo de seguridad de Android},
  school            = {Licenciatura en Ciencias de la Computación, Universidad Nacional de Rosario, Argentina},
  year              = {2014},
  type              = {Tesina de grado},
  month             = {Junio},
  pdf               = {http://www.fing.edu.uy/inco/grupos/gsi/index.php?page=proygrado&locale=es},
}


@inproceedings{BCLR15,
  title={Verifying Android's Permission Model.},
  author={Gustavo Betarte and Juan Diego Campo and Carlos Daniel Luna and Agustín Romano},
  booktitle={ICTAC 2015},
  pages={485--504},
  year={2015},
  organization={LNCS 9399}
}
@inproceedings{TZSH2013,
  title={iOS encryption systems: Deploying iOS devices in security-critical environments},
  author={Peter Teufl and Thomas Zefferer and Christof Stromberger and Christoph Hechenblaikner},
  booktitle={Security and Cryptography (SECRYPT), 2013 International Conference on},
  pages={1--13},
  year={2013},
  organization={IEEE}
}

@article{WC2015,
  title={Indirect File Leaks in Mobile Applications},
  author={Daoyuan Wu, Rocky KC Chang},
  journal={arXiv preprint arXiv:1511.00104},
  year={2015}
}

@article{HYGZD2014,
  title={Android or iOS for better privacy protection?},
  author={Jin Han and Qiang Yan and Debin Gao and Jianying Zhou and Huijie R. Deng},
  journal={International Conference on Secure Knowledge Mangagement in Big-data era (SKM)},
  year={2014}
}

@article{HYGZD2013,
  title={Comparing mobile privacy protection through cross-platform applications},
  author={Jin Han and Qiang Yan and Debin Gao and Jianying Zhou and Huijie R. Deng},
  journal={Network \& Distributed System Security Symposium (NDSS)},
  year={2013}
}

@article{JLTD2014,
  title={Code injection attacks on HTML5-based mobile apps},
  author={Xing Jin, Tongbo Luo, Derek G Tsui, Wenliang Du},
  journal={arXiv preprint arXiv:1410.7756},
  year={2014}
}

@article{YA2014,
  title={Application Security in Android-OS VS IOS},
  author={Yogita Chittoria, Neha Aggarwal},
  journal={International Journal of Advanced Research in Computer Science and Software Engineering},
  volume={4},
  issue={5},	
  year={2014}
}